@article{Reg05,
	author = "Regev, Oded",
	title = "On Lattices, Learning with Errors, Random Linear Codes, and Cryptography.",
	shorthand = "Reg05",
	journal = "Journal of the ACM",
	volume = "56",
	number = "6",
	article = "34",
	pages = "1--40",
	year = "2009",
	DOI = "10.1145/1568318.1568324",
	addendum = "Versione preliminare pubblicata in Procedings of STOC’05"
}

@InProceedings{AroraGe,
	author = "Arora, Sanjeev and Ge, Rong",
	title = "New Algorithms for Learning in Presence of Errors",
	editor = "L. Aceto, M. Henzinger, and J. Sgall",
	booktitle = "Automata, Languages and Programming",
	year = "2011",
	publisher = "Springer Berlin Heidelberg",
	address = "Berlin, Heidelberg",
	pages = "403--415",
	DOI = "10.1007/978-3-642-22006-7_34"
}

@misc{Alb14,
	author ="Albrecht, Martin and Cid, Carlos and Faugère, Jean-Charles and Fitzpatrick, Robert and Perret, Ludovic",
	title = "Algebraic algorithms for LWE problems",
	howpublished = "Cryptology ePrint Archive, Report 2014/1018",
	year         = "2014",
	url          = https://ia.cr/2014/1018
}

@manual{Sage,
	author = "W.\thinspace{A}. Stein and others",
	Organization = "The Sage Development Team",
	title = "Sage Mathematics Software (Version 9.3)",
	shorthand = "Sage",
	url = "http://www.sagemath.org",
	Year = "2021"
}